<?xml version="1.0" encoding="UTF-8"?><record xmlns="http://www.loc.gov/MARC21/slim" xmlns:cinclude="http://apache.org/cocoon/include/1.0" xmlns:zs="http://www.loc.gov/zing/srw/">
  <leader>00610cz  a2200157n  4500</leader>
  <controlfield tag="001">n  84140375 </controlfield>
  <controlfield tag="003">DLC</controlfield>
  <controlfield tag="005">19930928120253.1</controlfield>
  <controlfield tag="008">841002n| acannaab|          |a aaa |||  </controlfield>
  <datafield tag="010" ind1=" " ind2=" ">
    <subfield code="a">n  84140375 </subfield>
  </datafield>
  <datafield tag="040" ind1=" " ind2=" ">
    <subfield code="a">DNLM</subfield>
    <subfield code="c">DLC</subfield>
    <subfield code="d">DNLM</subfield>
  </datafield>
  <datafield tag="100" ind1="1" ind2="0">
    <subfield code="a">Kakkar, V. V.</subfield>
    <subfield code="q">(Vijay Vir)</subfield>
  </datafield>
  <datafield tag="400" ind1="1" ind2="0">
    <subfield code="a">Kakkar, Vijay Vir</subfield>
  </datafield>
  <datafield tag="670" ind1=" " ind2=" ">
    <subfield code="a">Atheroma and thrombosis, 1984:</subfield>
    <subfield code="b">CIP t.p. (V.V. Kakkar, FRCS, FRCSE; prof. surgical sci., Thrombosis Res. Unit, King's Coll. Sch. of Med. and Dent., London)</subfield>
  </datafield>
  <datafield tag="670" ind1=" " ind2=" ">
    <subfield code="a">LC data base, 9/27/84</subfield>
    <subfield code="b">(hdg.: Kakkar, V. V.)</subfield>
  </datafield>
  <datafield tag="670" ind1=" " ind2=" ">
    <subfield code="a">NLM files, 9/27/84</subfield>
    <subfield code="b">(hdg.: Kakkar, V. V. (Vijay Vir); usage: V.V. Kakkar)</subfield>
  </datafield>
</record>